pdflatex Potencial_Eolico.tex
bibtex Potencial_Eolico
pdflatex Potencial_Eolico.tex
pdflatex Potencial_Eolico.tex
